<record><leader>00000cas a22000007a 4500</leader><controlfield tag="001">9311895</controlfield><controlfield tag="008">830315d18201828deucr ne      0    0eng  </controlfield><datafield ind1=" " ind2=" " tag="010"><subfield code="a">sn 82016407 </subfield></datafield><datafield ind1=" " ind2=" " tag="040"><subfield code="a">DLC</subfield><subfield code="b">eng</subfield><subfield code="c">DLC</subfield><subfield code="d">NPU</subfield><subfield code="d">DLC</subfield><subfield code="d">NPX</subfield><subfield code="d">DLC</subfield><subfield code="d">DEX</subfield><subfield code="d">CNW</subfield><subfield code="d">OCL</subfield><subfield code="d">OCLCO</subfield><subfield code="d">OCLCF</subfield><subfield code="d">CUS</subfield></datafield><datafield ind1=" " ind2=" " tag="042"><subfield code="a">msc</subfield></datafield><datafield ind1=" " ind2=" " tag="043"><subfield code="a">n-us-de</subfield></datafield><datafield ind1="0" ind2="0" tag="050"><subfield code="a">Newspaper 7276</subfield></datafield><datafield ind1=" " ind2="4" tag="050"><subfield code="a">AN13.W5</subfield><subfield code="b">D35</subfield></datafield><datafield ind1="0" ind2=" " tag="130"><subfield code="a">Delaware gazette (Wilmington, Del. : 1820)</subfield></datafield><datafield ind1="0" ind2="0" tag="245"><subfield code="a">Delaware gazette.</subfield></datafield><datafield ind1=" " ind2=" " tag="260"><subfield code="a">Wilmington [Del.] :</subfield><subfield code="b">Samuel Harker,</subfield></datafield><datafield ind1=" " ind2=" " tag="300"><subfield code="a">volumes :</subfield><subfield code="b">illustrations (chiefly advertisements)</subfield></datafield><datafield ind1=" " ind2=" " tag="310"><subfield code="a">Semiweekly</subfield></datafield><datafield ind1=" " ind2=" " tag="336"><subfield code="a">text</subfield><subfield code="b">txt</subfield><subfield code="2">rdacontent</subfield></datafield><datafield ind1=" " ind2=" " tag="337"><subfield code="a">unmediated</subfield><subfield code="b">n</subfield><subfield code="2">rdamedia</subfield></datafield><datafield ind1=" " ind2=" " tag="338"><subfield code="a">volume</subfield><subfield code="b">nc</subfield><subfield code="2">rdacarrier</subfield></datafield><datafield ind1="0" ind2=" " tag="362"><subfield code="a">New ser., v. 1, no. 2 (Feb. 26, 1820)-new ser., v. 9, no. 915 (Dec. 9, 1828).</subfield></datafield><datafield ind1=" " ind2=" " tag="515"><subfield code="a">Issues for &lt;Jan. 31, 1826&gt;-Dec. 9, 1828 also called: &lt;Vol. 12, no 1228&gt;-v. 15, no. 1525.</subfield></datafield><datafield ind1=" " ind2="0" tag="651"><subfield code="a">Wilmington (Del.)</subfield><subfield code="v">Newspapers.</subfield></datafield><datafield ind1=" " ind2="7" tag="651"><subfield code="a">Delaware</subfield><subfield code="z">Wilmington.</subfield><subfield code="2">fast</subfield><subfield code="0">(OCoLC)fst01203983</subfield></datafield><datafield ind1=" " ind2="7" tag="655"><subfield code="a">Newspapers.</subfield><subfield code="2">fast</subfield><subfield code="0">(OCoLC)fst01423814</subfield></datafield><datafield ind1=" " ind2=" " tag="752"><subfield code="a">United States</subfield><subfield code="b">Delaware</subfield><subfield code="c">New Castle</subfield><subfield code="d">Wilmington.</subfield></datafield><datafield ind1="0" ind2="0" tag="780"><subfield code="t">Delaware gazette and peninsula advertiser</subfield><subfield code="w">(DLC)sn 82014384</subfield><subfield code="w">(OCoLC)8801047</subfield></datafield><datafield ind1="0" ind2="7" tag="785"><subfield code="t">Delaware patriot &amp; American watchman</subfield><subfield code="w">(DLC)sn 82014393</subfield><subfield code="w">(OCoLC)8773702</subfield></datafield><datafield ind1="0" ind2="7" tag="785"><subfield code="t">Delaware gazette and American watchman (Wilmington, Del. : 1828)</subfield><subfield code="w">(DLC)sn 82014936</subfield><subfield code="w">(OCoLC)8801113</subfield></datafield><datafield ind1="1" ind2=" " tag="029"><subfield code="a">AU@</subfield><subfield code="b">000020120806</subfield></datafield></record>